01,042000013,ABCCORP ,070329,0506,1,80,,2/
02,042000013,091000022,1,070328,2359,,2/
03,273101322728,,015,00000173137444,,,040,00000173137444,,/
88,045,00000173137444,,,072,00000000000000,,,074,00000000000000,,/
88,075,00000000000000,,,087,00000234961746,,,088,00000000000000,,/
88,100,00000173137444,,,102,00000000000002,,,400,00000107638977,,/
88,402,00000000000002,,,230,00000000024524,00001,,355,00000173112920,00001,/
88,530,00000107638977,00002,/
16,347,0000000024524,,I-GEN107032800003445,/
88,INTEREST EARNED
16,351,0000173112920,S,00000173112920,00000000000000,00000000000000/
88,I-GEN107032800001754,/
88,REPO SWEEP PURCHASE @ 5.1%
88,IMMEDIATE FUNDS: 1,731,129.20/
88,1 DAY FLOAT: 0.00/
88,2 DAY FLOAT: 0.00/
88,3 OR MORE DAY FLOAT: 0.00/
16,531,0000107623731,,PROGRAM,/
88,REPO SWEEP REDEMPTION
16,531,00001596703341,,PROGRAM,/
88,INTEREST REDEMPTION
49,0000001596703345,000020/
98,0000002513367488,00001,000022/
99,0000002513367488,00001,000024/